@misc{
    uci-repo,
    author = {A. Frank and A. Asuncion},
    year = {2010},
    title = {{UCI} Machine Learning Repository},
    url = {http://archive.ics.uci.edu/ml},
    institution = {University of California, Irvine, School of Information and Computer Sciences} 
}
